@Misc{book:Seidelmann1,
  author =       {Ed. P. K. Seidelmann},
  title =        {Explanatory Supplement to the Astronomical Almanac},
  howpublished = {{University Science Books}},
  year =         {1992},
  adsurl =       {http://adsabs.harvard.edu/abs/1992esta.book.....S},
  adsnote =      {Provided by the SAO/NASA Astrophysics Data System}
}
@Misc{book:FandH,
  author =       {M. Fr{\"a}nz and D. Harper},
  title =        {Heliospheric Coordinate Systems},
  howpublished = {{Planetary and Space Science, Vol 50}},
  year =         {2002},
  adsurl =       {http://adsabs.harvard.edu/abs/2002P&SS...50..217F},
  adsnote =      {Provided by the SAO/NASA Astrophysics Data System}
}
@Misc{book:Thompson,
  author =       {W. T. Thompson},
  title =        {Coordinate Systems for Solar Image Data},
  howpublished = {{Astronomy and Astrophysics, Vol 449 }},
  year =         {2006},
  adsurl =       {http://adsabs.harvard.edu/abs/2006A&A...449..791T},
  adsnote =      {Provided by the SAO/NASA Astrophysics Data System}
}
